@INPROCEEDINGS{RemovalICSME2017, 
author={E. D. S. {Maldonado} and R. {Abdalkareem} and E. {Shihab} and A. {Serebrenik}}, 
booktitle={2017 IEEE International Conference on Software Maintenance and Evolution (ICSME)}, 
title={An Empirical Study on the Removal of Self-Admitted Technical Debt}, 
year={2017}, 
volume={}, 
number={}, 
pages={238-248}, 
keywords={program debugging;project management;software development management;software maintenance;software quality;SATD;self-admitted technical debt;maintenance efforts;technical debt detection;code comments;software quality;bug fixing;Data mining;Java;Computer bugs;Electronic mail;Open source software;Licenses;Self-Admitted Technical Debt;Source Code Quality;Mining Software Repositories}, 
doi={10.1109/ICSME.2017.8}, 
ISSN={}, 
month={Sep.},}

@INPROCEEDINGS{DigkasSANER2018, 
author={G. {Digkas} and M. {Lungu} and P. {Avgeriou} and A. {Chatzigeorgiou} and A. {Ampatzoglou}}, 
booktitle={2018 IEEE 25th International Conference on Software Analysis, Evolution and Reengineering (SANER)}, 
title={How do developers fix issues and pay back technical debt in the Apache ecosystem?}, 
year={2018}, 
volume={}, 
number={}, 
pages={153-163}, 
keywords={Java;public domain software;software maintenance;source code (software);Apache Software Foundation;Apache ecosystem;source code;software maintenance;technical debt;Java open-source software projects;software evolution;Tools;Open source software;Ecosystems;Java;Monitoring;Market research;Software Evolution;Technical Debt;Mining Software Repositories;Empirical Study;Apache Software Foundation}, 
doi={10.1109/SANER.2018.8330205}, 
ISSN={}, 
month={March},}

@INPROCEEDINGS{SATDMSR2016, 
author={G. {Bavota} and B. {Russo}}, 
booktitle={2016 IEEE/ACM 13th Working Conference on Mining Software Repositories (MSR)}, 
title={A Large-Scale Empirical Study on Self-Admitted Technical Debt}, 
year={2016}, 
volume={}, 
number={}, 
pages={315-326}, 
keywords={project management;software maintenance;software process improvement;software quality;self-admitted technical debt;code smells;bug hazards;code comments;software systems;software projects;differentiated replication;software quality;open coding;technical debt evolution;Data mining;History;Software systems;Measurement;Java;Couplings}, 
doi={10.1109/MSR.2016.040}, 
ISSN={}, 
month={May},}

@INPROCEEDINGS{SATDICSME2014, 
author={A. {Potdar} and E. {Shihab}}, 
booktitle={2014 IEEE International Conference on Software Maintenance and Evolution}, 
title={An Exploratory Study on Self-Admitted Technical Debt}, 
year={2014}, 
volume={}, 
number={}, 
pages={91-100}, 
keywords={project management;public domain software;software maintenance;software management;software quality;self-admitted technical debt;source-code comments;open source software projects;Eclipse;Chromium OS;Apache HTTP Server;ArgoUML;software maintenance;software quality;Chromium;Complexity theory;Java;Computer hacking;Software maintenance;Correlation;Technical debt;Software comments}, 
doi={10.1109/ICSME.2014.31}, 
ISSN={1063-6773}, 
month={Sep.},}


@book{SonarQube,
 author = {Campbell, G. Ann and Papapetrou, Patroklos P.},
 title = {SonarQube in Action},
 year = {2013},
 isbn = {1617290955, 9781617290954},
 edition = {1st},
 publisher = {Manning Publications Co.},
 address = {Greenwich, CT, USA},
} 

@book{Runeson:12,
 author = {Runeson, Per and Host, Martin and Rainer, Austen and Regnell, Bjorn},
 isbn = {1118104358},
 publisher = {Wiley Blackwell},
 title = {{C}ase {S}tudy {R}esearch in {S}oftware {E}ngineering: {G}uidelines and {E}xamples},
 year = {2012}
}

@incollection{Solingen:02,
 address = {Hoboken, NJ, USA},
 author = {van Solingen, Rini and Basili, Vic and Caldiera, Gianluigi and Rombach, H. Dieter},
 booktitle = {Encyclopedia of Software Engineering},
 doi = {10.1002/0471028959.sof142},
 month = {jan},
 pages = {528--532},
 publisher = {John Wiley \& Sons, Inc.},
 title = {{G}oal {Q}uestion {M}etric ({GQM}) Approach},
 year = {2002}
}

@ARTICLE{Marinescu2012, 
author={R. Marinescu}, 
journal={IBM Journal of Research and Development}, 
title={Assessing technical debt by identifying design flaws in software systems}, 
year={2012}, 
volume={56}, 
number={5}, 
pages={9:1-9:13}, 
keywords={Complexity theory;Cost benefit analysis;Design methodology;Maintenance engineering;Product development;Software systems;Systematics;Time to market}, 
doi={10.1147/JRD.2012.2204512}, 
ISSN={0018-8646}, 
month={Sept},}

@INPROCEEDINGS{ClassifyTD2014, 
author={N. {Alves} and L. F. {Ribeiro} and V. {Caires} and T. {Mendes} and R. {Sp√≠nola}}, 
booktitle={Sixth International Workshop on Managing Technical Debt}, 
title={Towards an Ontology of Terms on Technical Debt}, 
year={2014}, 
volume={}, 
number={}, 
pages={1-7}, 
keywords={ontologies (artificial intelligence);software development management;software quality;vocabulary;ontology design quality criteria;technical debt landscape;research and development activities;Ontologies;Software;Documentation;Organizations;OWL;Vocabulary;Computer architecture;technical debt;technical debt types;technical debt indicators;ontology;software maintenance}, 
doi={10.1109/MTD.2014.9}, 
ISSN={}, 
month={Sep.},}

@INPROCEEDINGS{ClassifyTD1, 
author={E. d. S. {Maldonado} and E. {Shihab}}, 
booktitle={2015 IEEE 7th International Workshop on Managing Technical Debt (MTD)},
title={Detecting and quantifying different types of self-admitted technical Debt},
year={2015}, 
volume={}, 
number={}, 
pages={9-15}, 
keywords={information filtering;pattern classification;software development management;source code (software);self-admitted technical debt;source code comments;filtering heuristics;design debt;defect debt;documentation debt;requirement debt;test debt;software development process;Java;Documentation;Licenses;Data mining;Software;Maintenance engineering;Context}, 
doi={10.1109/MTD.2015.7332619}, 
ISSN={}, 
month={Oct},}

@INPROCEEDINGS{MSR2016, 
author={G. {Bavota} and B. {Russo}}, 
booktitle={2016 IEEE/ACM 13th Working Conference on Mining Software Repositories (MSR)}, 
title={A Large-Scale Empirical Study on Self-Admitted Technical Debt}, 
year={2016}, 
volume={}, 
number={}, 
pages={315-326}, 
keywords={project management;software maintenance;software process improvement;software quality;self-admitted technical debt;code smells;bug hazards;code comments;software systems;software projects;differentiated replication;software quality;open coding;technical debt evolution;Data mining;History;Software systems;Measurement;Java;Couplings}, 
doi={10.1109/MSR.2016.040}, 
ISSN={}, 
month={May},}

@INPROCEEDINGS{Ding2017, 
author={H. Ding and W. Ma and L. Chen and Y. Zhou and B. Xu}, 
booktitle={2017 24th Asia-Pacific Software Engineering Conference (APSEC)}, 
title={An Empirical Study on Downstream Workarounds for Cross-Project Bugs}, 
year={2017}, 
volume={}, 
number={}, 
pages={318-327}, 
keywords={program debugging;software engineering;software packages;GitHub;code size;code structure;cross-project bugs;downstream developers;downstream project;downstream workarounds;inter-dependencies;investigated workarounds;scientific Python ecosystem;software ecosystems;upstream developers;upstream fixes;upstream project;Computer bugs;Ecosystems;Feature extraction;Inspection;Maintenance engineering;Software;Tools;GitHub ecosystems;cross-project bugs;practices;workarounds}, 
doi={10.1109/APSEC.2017.38}, 
ISSN={}, 
month={Dec},}